@Online{Online.UniGeorgAugustGoettingen.FreieUndErzwungeneSchwingungenEinesDrehpendelsPohlschesRad.,
  author       = {Prof. Robert Otto Pohl},
  title        = {Freie und erzwungene Schwingungen eines Drehpendels (Pohl'sches Rad)},
  url          = {https://lp.uni-goettingen.de/get/text/1237},
  organization = {{Georg-August-Universität Göttingen}},
  urldate      = {2024-08-22},
  publisher    = {Georg-August-Universität Göttingen},
}

@Book{Book.Lueders.PohlsEinfuehrungInDiePhysik.2017,
  title     = {Pohls Einführung in die Physik},
  edition   = {21. Aufl. 2017},
  editor    = {Klaus Lüders and Robert O. Pohl},
  isbn      = {9783662486634},
  pagetotal = {1534},
  publisher = {Springer Berlin Heidelberg},
  subtitle  = {Band 1: Mechanik, Akustik und Wärmelehre},
  address   = {Berlin, Heidelberg},
  ppn_gvk   = {1724443925},
  year      = {2017},
}

@Book{Book.Eichler.DasNeuePhysikalischeGrundpraktikum.2016,
  author    = {Eichler, Hans Joachim},
  title     = {Das neue Physikalische Grundpraktikum},
  edition   = {3. Aufl. 2016},
  editor    = {Heinz-Detlef Kronfeldt and Jürgen Sahm},
  isbn      = {9783662490235},
  pagetotal = {1470},
  publisher = {Springer Berlin Heidelberg},
  series    = {Springer-Lehrbuch},
  address   = {Berlin, Heidelberg},
  ppn_gvk   = {1702757560},
  year      = {2016},
}

@Comment{jabref-meta: databaseType:biblatex;}
